@electronic{33c3,
  author = {derrek and nedwill and naehrwert},
  title = {Nintendo Hacking 2016},
  day = {27},
  month = {dec},
  year = {2016},
  url = {https://media.ccc.de/v/33c3-8344-nintendo_hacking_2016},
}

@electronic{cryptosystem,
  author = {Yifan~Lu},
  title = {The 3DS Cryptosystem},
  day = {6},
  month = {apr},
  year = {2016},
  url = {https://yifan.lu/2016/04/06/the-3ds-cryptosystem/},
}

@electronic{AES_Registers,
  author = {3dbrew Contributors},
  title = {AES Registers},
  url = {https://www.3dbrew.org/wiki/AES_Registers},
}

@electronic{RSA_Registers,
  author = {3dbrew Contributors},
  title = {RSA Registers},
  url = {https://www.3dbrew.org/wiki/RSA_Registers},
}

@electronic{FIRM,
  author = {3dbrew Contributors},
  title = {FIRM},
  url = {https://www.3dbrew.org/wiki/FIRM},
}

@electronic{bootloader,
  author = {3dbrew Contributors},
  title = {Bootloader},
  url = {https://www.3dbrew.org/wiki/Bootloader},
}

@electronic{memorylayout,
  author = {3dbrew Contributors},
  title = {Memory Layout},
  url = {https://www.3dbrew.org/wiki/Memory_layout},
}

@electronic{ndma,
  author = {3dbrew Contributors},
  title = {NDMA Registers},
  url = {https://www.3dbrew.org/wiki/NDMA_Registers},
}

@unpublished{modmult,
  author = {Kaiyong Zhao},
  title = {Implementation of Multiple-precision Modular Multiplication on GPU},
  year = {2009},
  url = {https://www.comp.hkbu.edu.hk/\~pgday/2009/10th_papers/kzhao.pdf},
}

@electronic{sighaxgpu,
  author = {Myria},
  title = {sighaxGPU},
  url = {https://github.com/Myriachan/sighax},
}